@article{salton1975vector,
  title={A vector space model for automatic indexing},
  author={Salton, Gerard and Wong, Anita and Yang, Chung-Shu},
  journal={Communications of the ACM},
  volume={18},
  number={11},
  pages={613--620},
  year={1975},
  publisher={ACM}
}

@article{salton1988term,
  title={Term-weighting approaches in automatic text retrieval},
  author={Salton, Gerard and Buckley, Christopher},
  journal={Information processing \& management},
  volume={24},
  number={5},
  pages={513--523},
  year={1988},
  publisher={Elsevier}
}

@inproceedings{yang1997comparative,
  title={A comparative study on feature selection in text categorization},
  author={Yang, Yiming and Pedersen, Jan O},
  booktitle={ICML},
  volume={97},
  pages={412--420},
  year={1997}
}

@article{barutcuoglu2006hierarchical,
  title={Hierarchical multi-label prediction of gene function},
  author={Barutcuoglu, Zafer and Schapire, Robert E and Troyanskaya, Olga G},
  journal={Bioinformatics},
  volume={22},
  number={7},
  pages={830--836},
  year={2006},
  publisher={Oxford Univ Press}
}

@inproceedings{esuli2006treeboost,
  title={TreeBoost. MH: A boosting algorithm for multi-label hierarchical text categorization},
  author={Esuli, Andrea and Fagni, Tiziano and Sebastiani, Fabrizio},
  booktitle={String Processing and Information Retrieval},
  pages={13--24},
  year={2006},
  organization={Springer}
}

@article{rousu2006kernel,
  title={Kernel-based learning of hierarchical multilabel classification models},
  author={Rousu, Juho and Saunders, Craig and Szedmak, Sandor and Shawe-Taylor, John},
  journal={The Journal of Machine Learning Research},
  volume={7},
  pages={1601--1626},
  year={2006},
  publisher={JMLR. org}
}

@article{tsoumakas2006multi,
  title={Multi-label classification: An overview},
  author={Tsoumakas, Grigorios and Katakis, Ioannis},
  journal={Dept. of Informatics, Aristotle University of Thessaloniki, Greece},
  year={2006}
}

@inproceedings{chen2007document,
  title={Document transformation for multi-label feature selection in text categorization},
  author={Chen, Weizhu and Yan, Jun and Zhang, Benyu and Chen, Zheng and Yang, Qiang},
  booktitle={Data Mining, 2007. ICDM 2007. Seventh IEEE International Conference on},
  pages={451--456},
  year={2007},
  organization={IEEE}
}

@article{vens2008decision,
  title={Decision trees for hierarchical multi-label classification},
  author={Vens, Celine and Struyf, Jan and Schietgat, Leander and D{\v{z}}eroski, Sa{\v{s}}o and Blockeel, Hendrik},
  journal={Machine Learning},
  volume={73},
  number={2},
  pages={185--214},
  year={2008},
  publisher={Springer}
}

@article{silla2011survey,
  title={A survey of hierarchical classification across different application domains},
  author={Silla Jr, Carlos N and Freitas, Alex A},
  journal={Data Mining and Knowledge Discovery},
  volume={22},
  number={1-2},
  pages={31--72},
  year={2011},
  publisher={Springer}
}

@article{tsoumakas2011mulan,
  title={Mulan: A java library for multi-label learning},
  author={Tsoumakas, Grigorios and Spyromitros-Xioufis, Eleftherios and Vilcek, Jozef and Vlahavas, Ioannis},
  journal={The Journal of Machine Learning Research},
  volume={12},
  pages={2411--2414},
  year={2011},
  publisher={JMLR. org}
}

@book{aggarwal2012mining,
  title={Mining text data},
  author={Aggarwal, Charu C and Zhai, ChengXiang},
  year={2012},
  publisher={Springer Science \& Business Media}
}

@inproceedings{bi2012hierarchical,
  title={Hierarchical multilabel classification with minimum bayes risk},
  author={Bi, Wei and Kwok, James T},
  booktitle={Data Mining (ICDM), 2012 IEEE 12th International Conference on},
  pages={101--110},
  year={2012},
  organization={IEEE}
}

@article{spolaor2013evaluating,
  title={Evaluating feature selection methods for multi-label text classification},
  author={Spola{\^o}r, Newton and Tsoumakas, Grigorios},
  journal={BioASQ workhsop},
  year={2013},
  publisher={Citeseer}
}

@article{zhang2014review,
  title={A review on multi-label learning algorithms},
  author={Zhang, Min-Ling and Zhou, Zhi-Hua},
  journal={Knowledge and Data Engineering, IEEE Transactions on},
  volume={26},
  number={8},
  pages={1819--1837},
  year={2014},
  publisher={IEEE}
}

@phdthesis{xiang2015nlp,
  title={基于自然语义处理的裁判文书推荐系统设计与实现},
  author={向李兴},
  school={南京大学},
  year={2015},
}
